@book{adams1995hitchhiker,
  title={The Hitchhiker's Guide to the Galaxy},
  author={Adams, D.},
  isbn={9781417642595},
  url={http://books.google.com/books?id=W-xMPgAACAAJ},
  year={1995},
  publisher={San Val}
}


@book{myRefrenceCreated,
  title={Title of book},
  author={lastName, name.},
  isbn={isbHereifExists},
  url={http://www....},
  year={2019},
  publisher={PublisherName}
}


@ARTICLE{4690904, 
author={}, 
journal={IEEE Std 1293-1998/Cor 1-2008 (Corrigendum to IEEE Std 1293-1998)}, 
title={IEEE Standard Specification Format Guide and Test Procedure for Linear, Single-Axis, Nongyroscopic Accelerometers Corrigendum 1: Changes to Annex K and Annex L}, 
year={2008}, 
volume={}, 
number={}, 
pages={C1-3}, 
keywords={accelerometers;attitude control;IEEE standards;inertial navigation;measurement standards;microsensors;IEEE standard specification format guide;test procedure;linear accelerometer;single-axis accelerometer;nongyroscopic accelerometer;attitude control system;linear displacement measuring systems;linear rate measuring systems;force-rebalance accelerometer;vibrating beam accelerometer;micromechanical accelerometers;inertial instrument;inertial sensor;MEMS;micro-electro-mechanical system;open loop mode;IEEE Std 1293-1998/Cor 1-2008;IEEE Std 1293-1998 Corrigendum;accelerometers, force-rebalance mode, inertial instrument, inertial sensor, MEMS, MEMS gyro, micro-electro-mechanical system, nongyroscopic accelerometers, open loop mode, ratiometric output, VBA}, 
doi={10.1109/IEEESTD.2008.4690904}, 
ISSN={}, 
month={Nov},}

